@book{Hebb,
    author    = "{\textbf{Hebb}}",
    title     = "The organization of Behaviour",
    year      = "1949",
    publisher = "{Wiley $\&$ Sons}",
    address   = "New York"
}

@article{RussoDurstewitz,
    author = "{\textbf{Russo, Durstewitz}}",
    title = "{Cell assemblies at multiple time scales with arbitrary lag costellations}.",
    journal = "eLife",
    volume = "6",
    %number = "e19428",
    %pages = "e19428",
    year = "2017",
    DOI = "10.7554/eLife.19428",
    keywords = "neuroscience"
}

@article{Lya,
    author = "{\textbf{Lya et. al}}",
    title = "{Tracking Progress toward a Goal in Corticostriatal Ensembles}.",
    journal = "The Journal of Neuroscience",
    volume = "34",
    number = "6",
    pages = "2244--2253",
    year = "2014",
    DOI = "10.1523/JNEUROSCI.3834-13.2014",
    keywords = "neuroscience"
}

@article{LyaN,
    author = "{\textbf{Lya et. al}}",
    title = "{Differences in the emergent coding properties of cortical and striatal ensembles}.",
    journal = "nature neuroscience",
    volume = "17",
    number = "8",
    %pages = "2244--2253",
    year = "2014",
    DOI = "10.1038/nn.3753",
    keywords = "neuroscience"
}

@article{Atallah,
    author = "{\textbf{Atallah et. al}}",
    title = "{Neurons in Ventral Striatum Exhibit Cell-Type-Specific Representation of Outcome during Learning}.",
    journal = "neuron",
    volume = "82",
    %number = "8",
    pages = "1145--1156",
    year = "2014",
    DOI = "10.1016/neuron.2014.04.021",
    keywords = "neuroscience"
}

@article{Cohen,
    author = "{\textbf{Cohen et. al}}",
    title = "{Neuron-type-specific signals for reward and punishment in the ventral tegmental area}.",
    journal = "nature letter",
    volume = "482",
    number = "85",
    %pages = "1145--1156",
    year = "2012",
    DOI = "10.1038/nature10754",
    keywords = "neuroscience"
}